<record><leader>00000cas a2200000 a 4500</leader><controlfield tag="001">10158734</controlfield><controlfield tag="008">831123d18251829riucr ne      0    0eng c</controlfield><datafield ind1=" " ind2=" " tag="010"><subfield code="a">sn 83021385 </subfield></datafield><datafield ind1=" " ind2=" " tag="040"><subfield code="a">NPX</subfield><subfield code="b">eng</subfield><subfield code="c">NPX</subfield><subfield code="d">DLC</subfield><subfield code="d">NPA</subfield><subfield code="d">DLC</subfield><subfield code="d">RHN</subfield><subfield code="d">OCL</subfield><subfield code="d">KNP</subfield><subfield code="d">MGN</subfield><subfield code="d">NVK</subfield><subfield code="d">FUG</subfield><subfield code="d">OBN</subfield><subfield code="d">OCL</subfield><subfield code="d">CVF</subfield><subfield code="d">NYS</subfield><subfield code="d">IUL</subfield><subfield code="d">DLC</subfield><subfield code="d">CUI</subfield><subfield code="d">OCLCQ</subfield><subfield code="d">OCLCA</subfield><subfield code="d">OCLCF</subfield></datafield><datafield ind1=" " ind2=" " tag="019"><subfield code="a">10201727</subfield><subfield code="a">10201815</subfield><subfield code="a">10201947</subfield></datafield><datafield ind1="1" ind2=" " tag="029"><subfield code="a">AU@</subfield><subfield code="b">000025802989</subfield></datafield><datafield ind1=" " ind2=" " tag="042"><subfield code="a">pcc</subfield></datafield><datafield ind1=" " ind2=" " tag="043"><subfield code="a">n-us-ri</subfield></datafield><datafield ind1="0" ind2="0" tag="050"><subfield code="a">Newspaper</subfield></datafield><datafield ind1=" " ind2="4" tag="050"><subfield code="a">AN</subfield></datafield><datafield ind1="0" ind2="0" tag="245"><subfield code="a">Rhode-Island American and Providence gazette.</subfield></datafield><datafield ind1="3" ind2="0" tag="246"><subfield code="a">Rhode-Island American &amp; Providence gazette</subfield></datafield><datafield ind1="1" ind2="3" tag="246"><subfield code="a">American &amp; gazette</subfield></datafield><datafield ind1=" " ind2=" " tag="260"><subfield code="a">Providence [R.I.] :</subfield><subfield code="b">Carlile &amp; Brown,</subfield><subfield code="c">1825-1829.</subfield></datafield><datafield ind1=" " ind2=" " tag="300"><subfield code="a">v. ;</subfield><subfield code="c">53 cm.</subfield></datafield><datafield ind1=" " ind2=" " tag="310"><subfield code="a">Semiweekly</subfield></datafield><datafield ind1="0" ind2=" " tag="362"><subfield code="a">Vol. 60, no. 1 (Oct. 11, 1825)-v. 67, no. 56 (July 17, 1829).</subfield></datafield><datafield ind1=" " ind2=" " tag="530"><subfield code="a">Available on microfilm from Library of Congress, Photoduplication Service, and Readex Microprint Corp. as part of the Early American newspapers series.</subfield></datafield><datafield ind1=" " ind2=" " tag="580"><subfield code="a">Formed by the union of: Rhode Island American; and: Providence gazette (Providence, R.I. : 1820); merged with: Cadet and statesman; to form: Rhode Island American, statesman and Providence gazette.</subfield></datafield><datafield ind1=" " ind2=" " tag="580"><subfield code="a">Weekly ed.: Microcosm (Providence, R.I.).</subfield></datafield><datafield ind1=" " ind2="0" tag="651"><subfield code="a">Providence (R.I.)</subfield><subfield code="v">Newspapers.</subfield></datafield><datafield ind1=" " ind2="0" tag="651"><subfield code="a">Providence County (R.I.)</subfield><subfield code="v">Newspapers.</subfield></datafield><datafield ind1=" " ind2="7" tag="655"><subfield code="a">Newspapers.</subfield><subfield code="2">fast</subfield><subfield code="0">(OCoLC)fst01423814</subfield></datafield><datafield ind1=" " ind2="7" tag="651"><subfield code="a">Rhode Island</subfield><subfield code="z">Providence.</subfield><subfield code="2">fast</subfield><subfield code="0">(OCoLC)fst01204977</subfield></datafield><datafield ind1=" " ind2="7" tag="651"><subfield code="a">Rhode Island</subfield><subfield code="z">Providence County.</subfield><subfield code="2">fast</subfield><subfield code="0">(OCoLC)fst01211868</subfield></datafield><datafield ind1=" " ind2=" " tag="752"><subfield code="a">United States</subfield><subfield code="b">Rhode Island</subfield><subfield code="c">Providence</subfield><subfield code="d">Providence.</subfield></datafield><datafield ind1="1" ind2=" " tag="775"><subfield code="t">Microcosm (Providence, R.I.)</subfield><subfield code="w">(DLC)sn 83021488</subfield><subfield code="w">(OCoLC)10200734</subfield></datafield><datafield ind1="1" ind2="4" tag="780"><subfield code="t">Rhode Island American</subfield><subfield code="w">(DLC)sn 83021383</subfield><subfield code="w">(OCoLC)10158583</subfield></datafield><datafield ind1="1" ind2="4" tag="780"><subfield code="t">Providence gazette (Providence, R.I. : 1820)</subfield><subfield code="w">(DLC)sn 83025755</subfield><subfield code="w">(OCoLC)9780724</subfield></datafield><datafield ind1="1" ind2="7" tag="785"><subfield code="t">Cadet and statesman</subfield><subfield code="w">(DLC)sn 83021390</subfield><subfield code="w">(OCoLC)10172199</subfield></datafield><datafield ind1="1" ind2="7" tag="785"><subfield code="t">Rhode Island American, statesman and Providence gazette</subfield><subfield code="w">(DLC)sn 83021402</subfield><subfield code="w">(OCoLC)10202068</subfield></datafield></record>